<?xml version="1.0" encoding="UTF-8"?><record xmlns="http://www.loc.gov/MARC21/slim" xmlns:cinclude="http://apache.org/cocoon/include/1.0" xmlns:zs="http://www.loc.gov/zing/srw/">
  <leader>00425nz  a2200133n  4500</leader>
  <controlfield tag="001">n 2002018287</controlfield>
  <controlfield tag="003">DLC</controlfield>
  <controlfield tag="005">20030801094304.0</controlfield>
  <controlfield tag="008">030801n| acannaabn          |a aaa      </controlfield>
  <datafield tag="010" ind1=" " ind2=" ">
    <subfield code="a">n 2002018287</subfield>
  </datafield>
  <datafield tag="040" ind1=" " ind2=" ">
    <subfield code="a">DLC</subfield>
    <subfield code="b">eng</subfield>
    <subfield code="c">DLC</subfield>
  </datafield>
  <datafield tag="100" ind1="1" ind2=" ">
    <subfield code="a">Manigand-Chaplain, Catherine</subfield>
  </datafield>
  <datafield tag="400" ind1="1" ind2=" ">
    <subfield code="a">Chaplain, Catherine Manigand-</subfield>
  </datafield>
  <datafield tag="670" ind1=" " ind2=" ">
    <subfield code="a">Manigand-Chaplain, Catherine. Les sources du patrimoine industriel, 1999:</subfield>
    <subfield code="b">t.p. (Catherine Manigand-Chaplain)</subfield>
  </datafield>
</record>